@article{Calle1987,
  title={Geolog\'ia y geoqu\'imica de la plancha 165},
  author={Calle, B and Salinas, R},
  journal={Carmen de Atrato: Bogot\'a, Instituto Nacional de Investigaciones Geolgico-Mineras, Report Bogota},
  year={1987}
}
@ARTICLE {sgc2013,
    author={SGC},
    title={Memoria Explicativa de la Zonificaci\'on de la Susceptibilidad y la Amenaza Relativa por Movimientos en Masa Escala 1:100.000 Plancha 165 - Carmen de Atrato},
    year={2013}
}

@book{reid2015scoops3d,
  title={Software to Analyze Three Dimensional Slope Stability Throughout a Digital Landscape},
  author={Reid, Mark E and Christian, Sarah B and Brien, Dianne L and Henderson, S},
  booktitle={Tech. Rep. US Geological Survey Techniques and Methods},
  year={2015}
}

@incollection{columngraph,
  title={Software to Analyze Three Dimensional Slope Stability Throughout a Digital Landscape},
  author={Reid, Mark E and Christian, Sarah B and Brien, Dianne L and Henderson, S},
  booktitle={Tech. Rep. US Geological Survey Techniques and Methods},
  pages={13},
  year={2015}
}

@incollection{formulas,
  title={Software to Analyze Three Dimensional Slope Stability Throughout a Digital Landscape},
  author={Reid, Mark E and Christian, Sarah B and Brien, Dianne L and Henderson, S},
  booktitle={Tech. Rep. US Geological Survey Techniques and Methods},
  pages={7-21},
  year={2015},
chapter={2}
}

@incollection{traditional,
  title={Software to Analyze Three Dimensional Slope Stability Throughout a Digital Landscape},
  author={Reid, Mark E and Christian, Sarah B and Brien, Dianne L and Henderson, S},
  booktitle={Tech. Rep. US Geological Survey Techniques and Methods},
  pages={8},
  year={2015}
}

@article{fredlund1977comparison,
  title={Comparison of slope stability methods of analysis},
  author={Fredlund, DG and Krahn, J},
  journal={Canadian geotechnical journal},
  volume={14},
  number={3},
  pages={429--439},
  year={1977},
  publisher={NRC Research Press}
}

@article{bosque,
  title={Geologia y geoquimica de la plancha 165 Carmen de Atrato},
  author={Servicio Geologico Colombiano},
  year={1986},
  pages={8}
}

@article{barroso,
  title={Geologia y geoquimica de la plancha 165 Carmen de Atrato},
  author={Servicio Geologico Colombiano},
  year={1986},
  pages={32}
}

@article{urrao,
  title={Geologia y geoquimica de la plancha 165 Carmen de Atrato},
  author={Servicio Geologico Colombiano},
  year={1986},
  pages={60}
}

@article{farallones,
  title={Geologia y geoquimica de la plancha 165 Carmen de Atrato},
  author={Servicio Geologico Colombiano},
  year={1986},
  pages={50}
}

@article{precipitacion,
  title={Memoria explicativa de la zonificacion de la suceptibilidad y la amenaza relativa por movimientos en masa escala 1:100000 Plancha 165 - Carmen de Atrato},
  author={Servicio Geologico Colombiano},
  year={2014},
  pages={21}
}

@article{libreta,
  title={Plancha 165, Libreta de campo Consuelo Durango},
  author={Servicio Geologico Colombiano},
  year={2013},
}



@article{singapore,
  title={Characteristics of residual soils in Singapore as formed by weathering},
  author={Rahardjo, Harianto and Aung, KK and Leong, Eng Choon and Rezaur, RB},
  journal={Engineering Geology},
  volume={73},
  number={1-2},
  pages={157--169},
  year={2004},
  publisher={Elsevier}
}


@misc{gobernacion2014anuario,
  title={Anuario Estad{\'\i}stico de Antioquia, 2014},
  author={Gobernaci{\'o}n de Antioquia\^{} dDepartamento Administrativo de Planeaci{\'o}n},
  year={2014},
  publisher={Departamento Administrativo de Planeaci{\'o}n Medell{\'\i}n}
}

@misc{geomorfo,
  title={Mapa Geomorfologico Aplicado a Movimientos en Masa Plancha 165 El Carmen},
  author={Servicio Geológico Colombiano},
  year={2014},
  publisher={Departamento Administrativo de Planeaci{\'o}n Medell{\'\i}n}
}
@misc{geol,
  title={Mapa. Geologia de la plancha 165 Carmen de Atrato},
  author={Servicio Geológico Colombiano},
  year={1984},
}

@book{huangB,
  title={Slope stability analysis by the limit equilibrium method: fundamentals and methods.},
  author={Huang, Yang Hsien and others},
  year={2013},
  pages={238},
  publisher={American Society of Civil Engineers (ASCE)}
}

@book{huangS,
  title={Slope stability analysis by the limit equilibrium method: fundamentals and methods.},
  author={Huang, Yang Hsien and others},
  year={2013},
  pages={242},
  publisher={American Society of Civil Engineers (ASCE)}
}