@article{Calle1987,
  title={Geolog\'ia y geoqu\'imica de la plancha 165},
  author={Calle, B and Salinas, R},
  journal={Carmen de Atrato: Bogot\'a, Instituto Nacional de Investigaciones Geolgico-Mineras, Report Bogota},
  year={1987}
}
@ARTICLE {sgc2013,
    author = {SGC},
    title  = {Memoria Explicativa de la Zonificaci\'on de la Susceptibilidad y la Amenaza Relativa por Movimientos en Masa Escala 1:100.000 Plancha 165 - Carmen de Atrato},
    year   = {2013}
}

@incollection{reid2015scoops3d,
  title={Scoops3Dâ€”Software to Analyze Three-Dimensional Slope Stability Throughout a Digital Landscape},
  author={Reid, Mark E and Christian, Sarah B and Brien, Dianne L and Henderson, S},
  booktitle={Tech. Rep. US Geological Survey Techniques and Methods, book 14},
  pages={218},
  year={2015}
}

@misc{Gobernacion de Antioquia 2014,
  author = {Gobernaci\'on de Antioquia},
  title = {{Precipitaci\'on promedio anual, por subregiones y municipios. Ano 2014}},
  howpublished = "\url{http://antioquia.gov.co/planeacion/ANUARIO%202014/es-CO/capitulos/ambiente/hidrometeorologia/cp-2-2-4.html}",
  year = {2014}, 
  note = "[Online; accessed Sept-2017]"
}
@incollection{2006175,
title = "7 Strength",
editor = "Lianyang Zhang",
series = "Elsevier Geo-Engineering Book Series",
publisher = "Elsevier",
volume = "4",
number = "Supplement C",
pages = "175 - 230",
year = "2006",
booktitle = "Engineering Properties of Rocks",
issn = "1571-9960",
doi = "https://doi.org/10.1016/S1571-9960(06)80010-8",
url = "http://www.sciencedirect.com/science/article/pii/S1571996006800108"
}

@article{TENZER20111181,
title = "A digital rock density map of New Zealand",
journal = "Computers & Geosciences",
volume = "37",
number = "8",
pages = "1181 - 1191",
year = "2011",
issn = "0098-3004",
doi = "https://doi.org/10.1016/j.cageo.2010.07.010",
url = "http://www.sciencedirect.com/science/article/pii/S0098300410003018",
author = "Robert Tenzer and Pascal Sirguey and Mark Rattenbury and Julia Nicolson",
}